@online{arvid,
  author = {Arvid Lunnemark},
  title = {It Is Time to Move Beyond End-to-End Encryption},
  year = 2021,
  url = {https://anysphere.co/it-is-time-to-move-beyond-end-to-end-encryption/},
  urldate = {2022-06-16}
}

@online{whitepaper,
    author = {Arvid Lunnemark and Shengtong Zhang and Sualeh Asif},
    title = {Anysphere: Private Communication in Practice},
    year = 2022,
    url = {https://anysphere.co/anysphere-whitepaper.pdf},
    urldate = {2022-06-16}
}
@inproceedings{wichelmann2021help,
  title={Help, my Signal has bad Device!},
  author={Wichelmann, Jan and Berndt, Sebastian and Pott, Claudius and Eisenbarth, Thomas},
  booktitle={International Conference on Detection of Intrusions and Malware, and Vulnerability Assessment},
  pages={88--105},
  year={2021},
  organization={Springer}
}

@online{torusage,
  author = {The Tor Project},
  title = {Tor Metrics},
  year= 2021,
  url = {https://metrics.torproject.org/userstats-relay-country.html},
  urldate = {2021-12-02}
}
@inproceedings{bellare2001key,
  title={Key-privacy in public-key encryption},
  author={Bellare, Mihir and Boldyreva, Alexandra and Desai, Anand and Pointcheval, David},
  booktitle={International Conference on the Theory and Application of Cryptology and Information Security},
  pages={566--582},
  year={2001},
  organization={Springer}
}
@inproceedings{piotrowska2017loopix,
  title={The loopix anonymity system},
  author={Piotrowska, Ania M and Hayes, Jamie and Elahi, Tariq and Meiser, Sebastian and Danezis, George},
  booktitle={26th USENIX Security Symposium (USENIX Security 17)},
  pages={1199--1216},
  year={2017}
}

@inproceedings{chor1995private,
  title={Private information retrieval},
  author={Chor, Benny and Goldreich, Oded and Kushilevitz, Eyal and Sudan, Madhu},
  booktitle={Proceedings of IEEE 36th Annual Foundations of Computer Science},
  pages={41--50},
  year={1995},
  organization={IEEE}
}
@inproceedings{kushilevitz1997replication,
  title={Replication is not needed: Single database, computationally-private information retrieval},
  author={Kushilevitz, Eyal and Ostrovsky, Rafail},
  booktitle={Proceedings 38th annual symposium on foundations of computer science},
  pages={364--373},
  year={1997},
  organization={IEEE}
}
@article{melchor2016xpir,
  title={XPIR: Private information retrieval for everyone},
  author={Melchor, Carlos Aguilar and Barrier, Joris and Fousse, Laurent and Killijian, Marc-Olivier},
  journal={Proceedings on Privacy Enhancing Technologies},
  pages={155--174},
  year={2016}
}
@inproceedings{tyagi2017stadium,
  title={Stadium: A distributed metadata-private messaging system},
  author={Tyagi, Nirvan and Gilad, Yossi and Leung, Derek and Zaharia, Matei and Zeldovich, Nickolai},
  booktitle={Proceedings of the 26th Symposium on Operating Systems Principles},
  pages={423--440},
  year={2017}
}
@inproceedings{kwon2017atom,
  title={Atom: Horizontally scaling strong anonymity},
  author={Kwon, Albert and Corrigan-Gibbs, Henry and Devadas, Srinivas and Ford, Bryan},
  booktitle={Proceedings of the 26th Symposium on Operating Systems Principles},
  pages={406--422},
  year={2017}
}
@article{liutromer2021,
  title={Oblivious Message Retrieval},
  author={Liu, Zeyu and Tromer, Eran},
  journal={Cryptology ePrint Archive},
  year={2021}
}
@article{bunz2021non,
  title={Non-Interactive Differentially Anonymous Router},
  author={B{\"u}nz, Benedikt and Hu, Yuncong and Matsuo, Shinâ€™ichiro and Shi, Elaine},
  journal={Cryptology ePrint Archive},
  year={2021}
}
@article{eskandarian2021clarion,
  title={Clarion: Anonymous Communication from Multiparty Shuffling Protocols},
  author={Eskandarian, Saba and Boneh, Dan},
  journal={Cryptology ePrint Archive},
  year={2021}
}
@article{abraham2020blinder,
  title={Blinder: MPC Based Scalable and Robust Anonymous Committed Broadcast.},
  author={Abraham, Ittai and Pinkas, Benny and Yanai, Avishay},
  journal={IACR Cryptol. ePrint Arch.},
  volume={2020},
  pages={248},
  year={2020}
}
@inproceedings{alexopoulos2017mcmix,
  title={MCMix: Anonymous messaging via secure multiparty computation},
  author={Alexopoulos, Nikolaos and Kiayias, Aggelos and Talviste, Riivo and Zacharias, Thomas},
  booktitle={26th $\{$USENIX$\}$ Security Symposium ($\{$USENIX$\}$ Security 17)},
  pages={1217--1234},
  year={2017}
}
@techreport{dingledine2004tor,
  title={Tor: The second-generation onion router},
  author={Dingledine, Roger and Mathewson, Nick and Syverson, Paul},
  year={2004},
  institution={Naval Research Lab Washington DC}
}
@article{karunanayake2021anonymisation,
  title={De-anonymisation attacks on Tor: A Survey},
  author={Karunanayake, Ishan and Ahmed, Nadeem and Malaney, Robert and Islam, Rafiqul and Jha, Sanjay K},
  journal={IEEE Communications Surveys \& Tutorials},
  volume={23},
  number={4},
  pages={2324--2350},
  year={2021},
  publisher={IEEE}
}
@article{gentry2010computing,
  title={Computing arbitrary functions of encrypted data},
  author={Gentry, Craig},
  journal={Communications of the ACM},
  volume={53},
  number={3},
  pages={97--105},
  year={2010},
  publisher={ACM New York, NY, USA}
}
@article{fan2012somewhat,
  title={Somewhat practical fully homomorphic encryption},
  author={Fan, Junfeng and Vercauteren, Frederik},
  journal={Cryptology ePrint Archive},
  year={2012}
}
@article{gilad2019metadata,
  title={Metadata-private communication for the 99\%},
  author={Gilad, Yossi},
  journal={Communications of the ACM},
  volume={62},
  number={9},
  pages={86--93},
  year={2019},
  publisher={ACM New York, NY, USA}
}
@inproceedings{angel2016unobservable,
  title={Unobservable communication over fully untrusted infrastructure},
  author={Angel, Sebastian and Setty, Srinath},
  booktitle={12th $\{$USENIX$\}$ Symposium on Operating Systems Design and Implementation ($\{$OSDI$\}$ 16)},
  pages={551--569},
  year={2016}
}

@phdthesis{angel2018thesis,
  author  = "Sebastian Angel",
  title   = "Unobservable communication over untrusted infrastructure",
  school  = "The University of Texas at Austin",
  year    = "2018"
}

@inproceedings{angel2018pir,
  title={PIR with compressed queries and amortized query processing},
  author={Angel, Sebastian and Chen, Hao and Laine, Kim and Setty, Srinath},
  booktitle={2018 IEEE symposium on security and privacy (SP)},
  pages={962--979},
  year={2018},
  organization={IEEE}
}
@inproceedings{ahmad2021addra,
  title={Addra: Metadata-private voice communication over fully untrusted infrastructure},
  author={Ahmad, Ishtiyaque and Yang, Yuntian and Agrawal, Divyakant and El Abbadi, Amr and Gupta, Trinabh},
  booktitle={15th $\{$USENIX$\}$ Symposium on Operating Systems Design and Implementation ($\{$OSDI$\}$ 21)},
  year={2021}
}
@inproceedings{van2015vuvuzela,
  title={Vuvuzela: Scalable private messaging resistant to traffic analysis},
  author={Van Den Hooff, Jelle and Lazar, David and Zaharia, Matei and Zeldovich, Nickolai},
  booktitle={Proceedings of the 25th Symposium on Operating Systems Principles},
  pages={137--152},
  year={2015}
}
@inproceedings{lazar2018karaoke,
  title={Karaoke: Distributed private messaging immune to passive traffic analysis},
  author={Lazar, David and Gilad, Yossi and Zeldovich, Nickolai},
  booktitle={13th $\{$USENIX$\}$ Symposium on Operating Systems Design and Implementation ($\{$OSDI$\}$ 18)},
  pages={711--725},
  year={2018}
}
@inproceedings{lazar2019yodel,
  title={Yodel: Strong metadata security for voice calls},
  author={Lazar, David and Gilad, Yossi and Zeldovich, Nickolai},
  booktitle={Proceedings of the 27th ACM Symposium on Operating Systems Principles},
  pages={211--224},
  year={2019}
}
@article{lindell2017simulate,
  title={How to simulate it--a tutorial on the simulation proof technique},
  author={Lindell, Yehuda},
  journal={Tutorials on the Foundations of Cryptography},
  pages={277--346},
  year={2017},
  publisher={Springer}
}
@article{rogaway2011constructing,
  title={Constructing cryptographic definitions.},
  author={Rogaway, Phillip},
  journal={ISC Int. J. Inf. Secur.},
  volume={3},
  number={2},
  pages={69--76},
  year={2011}
}
@inproceedings{pippenger1982telephone,
  title={Telephone switching networks},
  author={Pippenger, Nicholas},
  booktitle={Proceedings of Symposia in Applied Mathematics},
  volume={26},
  pages={101--133},
  year={1982}
}
@inproceedings{shi2021non,
  title={Non-Interactive Anonymous Router},
  author={Shi, Elaine and Wu, Ke},
  booktitle={Annual International Conference on the Theory and Applications of Cryptographic Techniques},
  pages={489--520},
  year={2021},
  organization={Springer}
}
@misc{pfitzmann2010terminology,
  title={A terminology for talking about privacy by data minimization: Anonymity, unlinkability, undetectability, unobservability, pseudonymity, and identity management},
  author={Pfitzmann, Andreas and Hansen, Marit},
  year={2010},
  publisher={Dresden, Germany}
}
@article{chaum1981untraceable,
  title={Untraceable electronic mail, return addresses, and digital pseudonyms},
  author={Chaum, David L},
  journal={Communications of the ACM},
  volume={24},
  number={2},
  pages={84--90},
  year={1981},
  publisher={ACM New York, NY, USA}
}

@inproceedings{lueks2015sublinear,
  title={Sublinear scaling for multi-client private information retrieval},
  author={Lueks, Wouter and Goldberg, Ian},
  booktitle={International Conference on Financial Cryptography and Data Security},
  pages={168--186},
  year={2015},
  organization={Springer}
}

@misc{sealcrypto,
    title = {{M}icrosoft {SEAL} (release 4.0)},
    howpublished = {\url{https://github.com/Microsoft/SEAL}},
    month = mar,
    year = 2022,
    author = {Microsoft Research, Redmond, WA.},
    key = {SEAL}
}

@misc{libsodium, title={The Sodium cryptography library},
  url={https://download.libsodium.org/doc/}, 
  author={Denis, Frank}, 
  journal={Libsodium},
  year={2013}, 
  month=jun
 }
  
@inproceedings{eskandarian2021express,
  title={Express: Lowering the cost of metadata-hiding communication with cryptographic privacy},
  author={Eskandarian, Saba and Corrigan-Gibbs, Henry and Zaharia, Matei and Boneh, Dan},
  booktitle={30th USENIX Security Symposium (USENIX Security 21)},
  pages={1775--1792},
  year={2021}
}
@inproceedings{angel2018cf,
  title={What's a little leakage between friends?},
  author={Angel, Sebastian and Lazar, David and Tzialla, Ioanna},
  booktitle={Proceedings of the 2018 Workshop on Privacy in the Electronic Society},
  pages={104--108},
  year={2018}
}
@inproceedings{cheng2020talek,
  title={Talek: Private group messaging with hidden access patterns},
  author={Cheng, Raymond and Scott, William and Masserova, Elisaweta and Zhang, Irene and Goyal, Vipul and Anderson, Thomas and Krishnamurthy, Arvind and Parno, Bryan},
  booktitle={Annual Computer Security Applications Conference},
  pages={84--99},
  year={2020}
}
@article{chaum1988dining,
  title={The dining cryptographers problem: Unconditional sender and recipient untraceability},
  author={Chaum, David},
  journal={Journal of cryptology},
  volume={1},
  number={1},
  pages={65--75},
  year={1988},
  publisher={Springer}
}
@inproceedings{corrigan2010dissent,
  title={Dissent: accountable anonymous group messaging},
  author={Corrigan-Gibbs, Henry and Ford, Bryan},
  booktitle={Proceedings of the 17th ACM conference on Computer and communications security},
  pages={340--350},
  year={2010}
}
@inproceedings{wolinsky2012dissent,
  title={Dissent in numbers: Making strong anonymity scale},
  author={Wolinsky, David Isaac and Corrigan-Gibbs, Henry and Ford, Bryan and Johnson, Aaron},
  booktitle={10th $\{$USENIX$\}$ Symposium on Operating Systems Design and Implementation ($\{$OSDI$\}$ 12)},
  pages={179--182},
  year={2012}
}
@inproceedings{corrigan2015riposte,
  title={Riposte: An anonymous messaging system handling millions of users},
  author={Corrigan-Gibbs, Henry and Boneh, Dan and Mazi{\`e}res, David},
  booktitle={2015 IEEE Symposium on Security and Privacy},
  pages={321--338},
  year={2015},
  organization={IEEE}
}
@inproceedings{das2018anonymity,
  title={Anonymity trilemma: Strong anonymity, low bandwidth overhead, low latency-choose two},
  author={Das, Debajyoti and Meiser, Sebastian and Mohammadi, Esfandiar and Kate, Aniket},
  booktitle={2018 IEEE Symposium on Security and Privacy (SP)},
  pages={108--126},
  year={2018},
  organization={IEEE}
}
@article{das2020comprehensive,
  title={Comprehensive Anonymity Trilemma: User Coordination is not enough.},
  author={Das, Debajyoti and Meiser, Sebastian and Mohammadi, Esfandiar and Kate, Aniket},
  journal={Proc. Priv. Enhancing Technol.},
  volume={2020},
  number={3},
  pages={356--383},
  year={2020}
}
@inproceedings{kuhn2020sok,
  title={SoK on Performance Bounds in Anonymous Communication},
  author={Kuhn, Christiane and Kitzing, Friederike and Strufe, Thorsten},
  booktitle={Proceedings of the 19th Workshop on Privacy in the Electronic Society},
  pages={21--39},
  year={2020}
}
@article{ando2019complexity,
  title={On the complexity of anonymous communication through public networks},
  author={Ando, Megumi and Lysyanskaya, Anna and Upfal, Eli},
  journal={arXiv preprint arXiv:1902.06306},
  year={2019}
}
@article{kuhn2018privacy,
  title={On privacy notions in anonymous communication},
  author={Kuhn, Christiane and Beck, Martin and Schiffner, Stefan and Jorswieck, Eduard and Strufe, Thorsten},
  journal={arXiv preprint arXiv:1812.05638},
  year={2018}
}

@inproceedings{R09,
  title={Survey on oblivious routing strategies},
  author={R{\"a}cke, Harald},
  booktitle={Conference on Computability in Europe},
  pages={419--429},
  year={2009},
  organization={Springer}
}

@inproceedings{P84,
  title={Parallel communication with limited buffers},
  author={Pippenger, Nicholas},
  booktitle={FOCS},
  pages={127--136},
  year={1984},
  organization={IEEE}
}

@article{R91,
  title={How to emulate shared memory},
  author={Ranade, Abhiram G},
  journal={Journal of Computer and System Sciences},
  volume={42},
  number={3},
  pages={307--326},
  year={1991},
  publisher={Elsevier}
}

@article{V82,
  title={A scheme for fast parallel communication},
  author={Valiant, Leslie G.},
  journal={SIAM journal on computing},
  volume={11},
  number={2},
  pages={350--361},
  year={1982},
  publisher={SIAM}
}

@inproceedings{VB81,
  title={Universal schemes for parallel communication},
  author={Valiant, Leslie G and Brebner, Gordon J},
  booktitle={STOC},
  pages={263--277},
  year={1981}
}


@article{arora1996line,
  title={On-line algorithms for path selection in a nonblocking network},
  author={Arora, Sanjeev and Leighton, Frank Thomson and Maggs, Bruce M},
  journal={SIAM Journal on Computing},
  volume={25},
  number={3},
  pages={600--625},
  year={1996},
  publisher={SIAM}
}
@inproceedings{chong1994building,
  title={Building a better butterfly: the multiplexed metabutterfly},
  author={Chong, Frederic T and Brewer, Eric A and Leighton, Frank Thomson and Knight, Thomas F},
  booktitle={Proceedings of the International Symposium on Parallel Architectures, Algorithms and Networks (ISPAN)},
  pages={65--72},
  year={1994},
  organization={IEEE}
}

@article{upfal1992log,
  title={An O (log N) deterministic packet-routing scheme},
  author={Upfal, Eli},
  journal={Journal of the ACM (JACM)},
  volume={39},
  number={1},
  pages={55--70},
  year={1992},
  publisher={ACM New York, NY, USA}
}

@inproceedings{unger2015sok,
  title={SoK: secure messaging},
  author={Unger, Nik and Dechand, Sergej and Bonneau, Joseph and Fahl, Sascha and Perl, Henning and Goldberg, Ian and Smith, Matthew},
  booktitle={2015 IEEE Symposium on Security and Privacy},
  pages={232--249},
  year={2015},
  organization={IEEE}
}

@article{doug13Consistency,
    author = {Terry, Doug},
    title = {Replicated Data Consistency Explained through Baseball},
    year = {2013},
    issue_date = {December 2013},
    publisher = {Association for Computing Machinery},
    address = {New York, NY, USA},
    volume = {56},
    number = {12},
    issn = {0001-0782},
    url = {https://doi.org/10.1145/2500500},
    doi = {10.1145/2500500},
    abstract = {A broader class of consistency guarantees can, and perhaps should, be offered to clients that read shared data.},
    journal = {Commun. ACM},
    month = {dec},
    pages = {82â€“89},
    numpages = {8}
}

@InProceedings{BBDP01keyprivate,
    author="Bellare, Mihir
    and Boldyreva, Alexandra
    and Desai, Anand
    and Pointcheval, David",
    editor="Boyd, Colin",
    title="Key-Privacy in Public-Key Encryption",
    booktitle="Advances in Cryptology --- ASIACRYPT 2001",
    year="2001",
    publisher="Springer Berlin Heidelberg",
    address="Berlin, Heidelberg",
    pages="566--582",
}

@inproceedings {ali2021communicationcomputation,
    author = {Asra Ali and Tancr{\`e}de Lepoint and Sarvar Patel and Mariana Raykova and Phillipp Schoppmann and Karn Seth and Kevin Yeo},
    title = {{Communication{\textendash}Computation} Trade-offs in {PIR}},
    booktitle = {30th USENIX Security Symposium (USENIX Security 21)},
    year = {2021},
    isbn = {978-1-939133-24-3},
    pages = {1811--1828},
    url = {https://www.usenix.org/conference/usenixsecurity21/presentation/ali},
    publisher = {USENIX Association},
    month = aug,
}

@misc{henry2022simplepir,
      author = {Alexandra Henzinger and Matthew M. Hong and Henry Corrigan-Gibbs and Sarah Meiklejohn and Vinod Vaikuntanathan},
      title = {One Server for the Price of Two: Simple and Fast Single-Server Private Information Retrieval},
      howpublished = {Cryptology ePrint Archive, Paper 2022/949},
      year = {2022},
      note = {\url{https://eprint.iacr.org/2022/949}},
      url = {https://eprint.iacr.org/2022/949}
}

@misc{wu2022spiral,
      author = {Samir Jordan Menon and David J.  Wu},
      title = {Spiral: Fast, High-Rate Single-Server PIR via FHE Composition},
      howpublished = {Cryptology ePrint Archive, Paper 2022/368},
      year = {2022},
      note = {\url{https://eprint.iacr.org/2022/368}},
      url = {https://eprint.iacr.org/2022/368}
}

@InProceedings{CK2001keyexchange,
    author="Canetti, Ran
    and Krawczyk, Hugo",
    editor="Pfitzmann, Birgit",
    title="Analysis of Key-Exchange Protocols and Their Use for Building Secure Channels",
    booktitle="Advances in Cryptology --- EUROCRYPT 2001",
    year="2001",
    publisher="Springer Berlin Heidelberg",
    address="Berlin, Heidelberg",
    pages="453--474",
}

