@article{gilad2019metadata,
  title={Metadata-private communication for the 99\%},
  author={Gilad, Yossi},
  journal={Communications of the ACM},
  volume={62},
  number={9},
  pages={86--93},
  year={2019},
  publisher={ACM New York, NY, USA}
}
@online{arvid,
  author = {Arvid Lunnemark},
  title = {It Is Time to Move Beyond End-to-End Encryption},
  year = 2021,
  url = {https://arvid.xyz/posts/it-is-time-to-move-beyond-end-to-end-encryption/},
  urldate = {2021-11-27}
}
@article{arvid2021survey,
  author = {Arvid Lunnemark},
  title = {Research-in-Progress: Anonymous Communication},
  year = {2021},
  url = {https://arvid.xyz/ac-research}
}
@inproceedings{ahmad2021addra,
  title={Addra: Metadata-private voice communication over fully untrusted infrastructure},
  author={Ahmad, Ishtiyaque and Yang, Yuntian and Agrawal, Divyakant and El Abbadi, Amr and Gupta, Trinabh},
  booktitle={15th $\{$USENIX$\}$ Symposium on Operating Systems Design and Implementation ($\{$OSDI$\}$ 21)},
  year={2021}
}
@inproceedings{mughees2021onionpir,
  title={OnionPIR: Response Efficient Single-Server PIR},
  author={Mughees, Muhammad Haris and Chen, Hao and Ren, Ling},
  booktitle={Proceedings of the 2021 ACM SIGSAC Conference on Computer and Communications Security},
  pages={2292--2306},
  year={2021}
}
@inproceedings{angel2018pir,
  title={PIR with compressed queries and amortized query processing},
  author={Angel, Sebastian and Chen, Hao and Laine, Kim and Setty, Srinath},
  booktitle={2018 IEEE symposium on security and privacy (SP)},
  pages={962--979},
  year={2018},
  organization={IEEE}
}
